<record><leader>00000cas a22000007a 4500</leader><controlfield tag="001">25170549</controlfield><controlfield tag="008">920127d19151919ctudn ne      0    0eng d</controlfield><datafield ind1=" " ind2=" " tag="010"><subfield code="a">sn 92051133 </subfield></datafield><datafield ind1=" " ind2=" " tag="040"><subfield code="a">CNW</subfield><subfield code="b">eng</subfield><subfield code="c">CNW</subfield><subfield code="d">OCLCQ</subfield><subfield code="d">OCLCF</subfield><subfield code="d">OCLCO</subfield></datafield><datafield ind1="1" ind2=" " tag="029"><subfield code="a">AU@</subfield><subfield code="b">000020705757</subfield></datafield><datafield ind1=" " ind2=" " tag="042"><subfield code="a">msc</subfield></datafield><datafield ind1=" " ind2=" " tag="043"><subfield code="a">n-us-ct</subfield></datafield><datafield ind1="0" ind2="0" tag="245"><subfield code="a">Times-leader of New Haven.</subfield></datafield><datafield ind1="1" ind2="3" tag="246"><subfield code="a">Times-leader</subfield></datafield><datafield ind1=" " ind2=" " tag="250"><subfield code="a">City ed.</subfield></datafield><datafield ind1=" " ind2=" " tag="260"><subfield code="a">New Haven, Conn. :</subfield><subfield code="b">Times Co.</subfield></datafield><datafield ind1=" " ind2=" " tag="300"><subfield code="a">v.</subfield></datafield><datafield ind1=" " ind2=" " tag="310"><subfield code="a">Daily (except Sun. and holidays)</subfield></datafield><datafield ind1="0" ind2=" " tag="362"><subfield code="a">Vol. 24, no. 41 (May 26, 1915)-v. 27, no. 327 (May 1, 1919).</subfield></datafield><datafield ind1=" " ind2=" " tag="530"><subfield code="a">Also issued on microfilm from Connecticut State Library, Hartford, CT.</subfield></datafield><datafield ind1=" " ind2="0" tag="651"><subfield code="a">New Haven (Conn.)</subfield><subfield code="v">Newspapers.</subfield></datafield><datafield ind1=" " ind2="7" tag="655"><subfield code="a">Newspapers.</subfield><subfield code="2">fast</subfield><subfield code="0">(OCoLC)fst01423814</subfield></datafield><datafield ind1=" " ind2="7" tag="651"><subfield code="a">Connecticut</subfield><subfield code="z">New Haven.</subfield><subfield code="2">fast</subfield><subfield code="0">(OCoLC)fst01206280</subfield></datafield><datafield ind1=" " ind2=" " tag="752"><subfield code="a">United States</subfield><subfield code="b">Connecticut</subfield><subfield code="c">New Haven</subfield><subfield code="d">New Haven.</subfield></datafield><datafield ind1="0" ind2="0" tag="780"><subfield code="t">New Haven times-leader (New Haven, Conn. : 1910)</subfield><subfield code="w">(DLC)sn 93053999</subfield><subfield code="w">(OCoLC)28269558</subfield></datafield><datafield ind1="0" ind2="0" tag="785"><subfield code="t">New Haven times-leader (New Haven, Conn. : 1919)</subfield><subfield code="w">(DLC)sn 92051128</subfield><subfield code="w">(OCoLC)25170649</subfield></datafield></record>